<?xml version="1.0" encoding="UTF-8"?><collection xmlns="http://www.loc.gov/MARC21/slim"><record><leader>00418nam--2200157-i-4500</leader><controlfield tag="001">000038484</controlfield><controlfield tag="002">20161230</controlfield><controlfield tag="005">20170113002009</controlfield><controlfield tag="008">060222s1000------------r-----000-0-eng-d</controlfield><datafield ind1=" " ind2=" " tag="100"><subfield code="a">Redheffer, R. M</subfield></datafield><datafield ind1=" " ind2=" " tag="245"><subfield code="a">Mathematics of physics and modern engineering</subfield></datafield><datafield ind1=" " ind2=" " tag="260"><subfield code="a">New York</subfield><subfield code="b">Mcgraw-Hill Book Co.Inc</subfield><subfield code="c">1958</subfield></datafield><datafield ind1=" " ind2=" " tag="300"><subfield code="a">IX+810 p</subfield></datafield><datafield ind1=" " ind2=" " tag="700"><subfield code="a">Sokolnikoff, I. S</subfield></datafield><datafield ind1=" " ind2=" " tag="852"><subfield code="a">14546</subfield></datafield><datafield ind1=" " ind2=" " tag="CAT"><subfield code="a">SYS</subfield><subfield code="c">20170113</subfield><subfield code="h">002009</subfield></datafield></record></collection>